[gd_scene load_steps=16 format=2]

[ext_resource path="res://RigidShip/rigidship.gd" type="Script" id=1]
[ext_resource path="res://Meshes/neptun31fresh.tscn" type="PackedScene" id=2]
[ext_resource path="res://Meshes/Material.material" type="Material" id=3]
[ext_resource path="res://RigidShip/ImmediateGeometry.gd" type="Script" id=4]

[sub_resource type="SpatialMaterial" id=1]

render_priority = 0
flags_transparent = false
flags_unshaded = false
flags_vertex_lighting = false
flags_no_depth_test = true
flags_use_point_size = false
flags_world_triplanar = false
flags_fixed_size = false
flags_albedo_tex_force_srgb = false
vertex_color_use_as_albedo = false
vertex_color_is_srgb = false
params_diffuse_mode = 1
params_specular_mode = 0
params_blend_mode = 0
params_cull_mode = 0
params_depth_draw_mode = 0
params_line_width = 1.0
params_point_size = 1.0
params_billboard_mode = 0
params_grow = false
params_use_alpha_scissor = false
albedo_color = Color( 1, 0, 0, 1 )
metallic = 0.0
metallic_specular = 0.5
metallic_texture_channel = 0
roughness = 0.0
roughness_texture_channel = 0
emission_enabled = false
normal_enabled = false
rim_enabled = false
clearcoat_enabled = false
anisotropy_enabled = false
ao_enabled = false
depth_enabled = false
subsurf_scatter_enabled = false
transmission_enabled = false
refraction_enabled = false
detail_enabled = false
uv1_scale = Vector3( 1, 1, 1 )
uv1_offset = Vector3( 0, 0, 0 )
uv1_triplanar = false
uv1_triplanar_sharpness = 1.0
uv2_scale = Vector3( 1, 1, 1 )
uv2_offset = Vector3( 0, 0, 0 )
uv2_triplanar = false
uv2_triplanar_sharpness = 1.0
proximity_fade_enable = false
distance_fade_enable = false
_sections_unfolded = [ "Albedo", "Flags" ]

[sub_resource type="CubeMesh" id=2]

material = SubResource( 1 )
size = Vector3( 0.2, 0.2, 0.2 )
subdivide_width = 0
subdivide_height = 0
subdivide_depth = 0

[sub_resource type="SpatialMaterial" id=3]

render_priority = 0
flags_transparent = false
flags_unshaded = false
flags_vertex_lighting = false
flags_no_depth_test = true
flags_use_point_size = false
flags_world_triplanar = false
flags_fixed_size = false
flags_albedo_tex_force_srgb = false
vertex_color_use_as_albedo = false
vertex_color_is_srgb = false
params_diffuse_mode = 1
params_specular_mode = 0
params_blend_mode = 0
params_cull_mode = 0
params_depth_draw_mode = 0
params_line_width = 1.0
params_point_size = 1.0
params_billboard_mode = 0
params_grow = false
params_use_alpha_scissor = false
albedo_color = Color( 1, 0, 0, 1 )
metallic = 0.0
metallic_specular = 0.5
metallic_texture_channel = 0
roughness = 0.0
roughness_texture_channel = 0
emission_enabled = false
normal_enabled = false
rim_enabled = false
clearcoat_enabled = false
anisotropy_enabled = false
ao_enabled = false
depth_enabled = false
subsurf_scatter_enabled = false
transmission_enabled = false
refraction_enabled = false
detail_enabled = false
uv1_scale = Vector3( 1, 1, 1 )
uv1_offset = Vector3( 0, 0, 0 )
uv1_triplanar = false
uv1_triplanar_sharpness = 1.0
uv2_scale = Vector3( 1, 1, 1 )
uv2_offset = Vector3( 0, 0, 0 )
uv2_triplanar = false
uv2_triplanar_sharpness = 1.0
proximity_fade_enable = false
distance_fade_enable = false
_sections_unfolded = [ "Albedo", "Flags", "Vertex Color" ]

[sub_resource type="CubeMesh" id=4]

material = SubResource( 3 )
size = Vector3( 0.2, 0.2, 0.2 )
subdivide_width = 0
subdivide_height = 0
subdivide_depth = 0

[sub_resource type="BoxShape" id=5]

extents = Vector3( 0.5, 0.5, 1.5 )

[sub_resource type="QuadMesh" id=6]

size = Vector2( 1, 1 )

[sub_resource type="CubeMesh" id=7]

size = Vector3( 1, 1, 3 )
subdivide_width = 0
subdivide_height = 0
subdivide_depth = 0

[sub_resource type="SpatialMaterial" id=8]

render_priority = 0
flags_transparent = false
flags_unshaded = false
flags_vertex_lighting = false
flags_no_depth_test = false
flags_use_point_size = false
flags_world_triplanar = false
flags_fixed_size = false
flags_albedo_tex_force_srgb = false
vertex_color_use_as_albedo = false
vertex_color_is_srgb = false
params_diffuse_mode = 1
params_specular_mode = 0
params_blend_mode = 0
params_cull_mode = 0
params_depth_draw_mode = 0
params_line_width = 1.0
params_point_size = 1.0
params_billboard_mode = 0
params_grow = false
params_use_alpha_scissor = false
albedo_color = Color( 1, 0, 0, 1 )
metallic = 0.0
metallic_specular = 0.5
metallic_texture_channel = 0
roughness = 0.0
roughness_texture_channel = 0
emission_enabled = false
normal_enabled = false
rim_enabled = false
clearcoat_enabled = false
anisotropy_enabled = false
ao_enabled = false
depth_enabled = false
subsurf_scatter_enabled = false
transmission_enabled = false
refraction_enabled = false
detail_enabled = false
uv1_scale = Vector3( 1, 1, 1 )
uv1_offset = Vector3( 0, 0, 0 )
uv1_triplanar = false
uv1_triplanar_sharpness = 1.0
uv2_scale = Vector3( 1, 1, 1 )
uv2_offset = Vector3( 0, 0, 0 )
uv2_triplanar = false
uv2_triplanar_sharpness = 1.0
proximity_fade_enable = false
distance_fade_enable = false
_sections_unfolded = [ "Albedo" ]

[sub_resource type="CubeMesh" id=9]

material = SubResource( 8 )
size = Vector3( 0.2, 0.2, 0.2 )
subdivide_width = 0
subdivide_height = 0
subdivide_depth = 0

[sub_resource type="SpatialMaterial" id=10]

render_priority = 0
flags_transparent = false
flags_unshaded = false
flags_vertex_lighting = false
flags_no_depth_test = false
flags_use_point_size = false
flags_world_triplanar = false
flags_fixed_size = false
flags_albedo_tex_force_srgb = false
vertex_color_use_as_albedo = false
vertex_color_is_srgb = false
params_diffuse_mode = 0
params_specular_mode = 0
params_blend_mode = 0
params_cull_mode = 0
params_depth_draw_mode = 0
params_line_width = 1.0
params_point_size = 1.0
params_billboard_mode = 0
params_grow = false
params_use_alpha_scissor = false
albedo_color = Color( 1, 0, 0, 1 )
metallic = 0.0
metallic_specular = 0.5
metallic_texture_channel = 0
roughness = 0.0
roughness_texture_channel = 0
emission_enabled = false
normal_enabled = false
rim_enabled = false
clearcoat_enabled = false
anisotropy_enabled = false
ao_enabled = false
depth_enabled = false
subsurf_scatter_enabled = false
transmission_enabled = false
refraction_enabled = false
detail_enabled = false
uv1_scale = Vector3( 1, 1, 1 )
uv1_offset = Vector3( 0, 0, 0 )
uv1_triplanar = false
uv1_triplanar_sharpness = 1.0
uv2_scale = Vector3( 1, 1, 1 )
uv2_offset = Vector3( 0, 0, 0 )
uv2_triplanar = false
uv2_triplanar_sharpness = 1.0
proximity_fade_enable = false
distance_fade_enable = false
_sections_unfolded = [ "Albedo" ]

[sub_resource type="CubeMesh" id=11]

material = SubResource( 10 )
size = Vector3( 0.2, 0.2, 0.2 )
subdivide_width = 0
subdivide_height = 0
subdivide_depth = 0

[node name="rigidship" type="RigidBody" index="0"]

transform = Transform( 1, 0, 0, 0, 1, 0, 0, 0, 1, 5.90283, 3.5074, 12.1339 )
input_ray_pickable = true
input_capture_on_drag = false
collision_layer = 1
collision_mask = 1
mode = 0
mass = 3000.0
friction = 1.0
bounce = 0.0
gravity_scale = 1.0
custom_integrator = false
continuous_cd = false
contacts_reported = 0
contact_monitor = false
sleeping = false
can_sleep = true
axis_lock_linear_x = false
axis_lock_linear_y = false
axis_lock_linear_z = false
axis_lock_angular_x = false
axis_lock_angular_y = false
axis_lock_angular_z = false
linear_velocity = Vector3( 0, 0, 0 )
linear_damp = 0.65
angular_velocity = Vector3( 0, 0, 0 )
angular_damp = 0.65
script = ExtResource( 1 )
_sections_unfolded = [ "Transform" ]
drive = 0
density = 500
probe_count = 4

[node name="back" type="Position3D" parent="." index="0"]

transform = Transform( 1, 0, 0, 0, 1, 0, 0, 0, 1, 0, 0, -2 )
_sections_unfolded = [ "Transform" ]

[node name="MeshInstance" type="MeshInstance" parent="back" index="0"]

layers = 1
material_override = null
cast_shadow = 1
extra_cull_margin = 0.0
use_in_baked_light = false
lod_min_distance = 0.0
lod_min_hysteresis = 0.0
lod_max_distance = 0.0
lod_max_hysteresis = 0.0
mesh = SubResource( 2 )
skeleton = NodePath("..")
material/0 = null
_sections_unfolded = [ "Transform" ]

[node name="to" type="Position3D" parent="back" index="1"]

[node name="bb" type="Position3D" parent="." index="1"]

editor/display_folded = true
transform = Transform( 1, 0, 0, 0, 1, 0, 0, 0, 1, -1, 0, 0 )
_sections_unfolded = [ "Transform" ]

[node name="MeshInstance" type="MeshInstance" parent="bb" index="0"]

layers = 1
material_override = null
cast_shadow = 1
extra_cull_margin = 0.0
use_in_baked_light = false
lod_min_distance = 0.0
lod_min_hysteresis = 0.0
lod_max_distance = 0.0
lod_max_hysteresis = 0.0
mesh = SubResource( 2 )
skeleton = NodePath("..")
material/0 = null
_sections_unfolded = [ "Transform" ]

[node name="to" type="Position3D" parent="bb" index="1"]

[node name="sb" type="Position3D" parent="." index="2"]

editor/display_folded = true
transform = Transform( 1, 0, 0, 0, 1, 0, 0, 0, 1, 1, 0, 0 )
_sections_unfolded = [ "Transform" ]

[node name="MeshInstance" type="MeshInstance" parent="sb" index="0"]

layers = 1
material_override = null
cast_shadow = 1
extra_cull_margin = 0.0
use_in_baked_light = false
lod_min_distance = 0.0
lod_min_hysteresis = 0.0
lod_max_distance = 0.0
lod_max_hysteresis = 0.0
mesh = SubResource( 2 )
skeleton = NodePath("..")
material/0 = null
_sections_unfolded = [ "Transform" ]

[node name="to" type="Position3D" parent="sb" index="1"]

[node name="front" type="Position3D" parent="." index="3"]

transform = Transform( 1, 0, 0, 0, 1, 0, 0, 0, 1, 0, 0, 2 )
_sections_unfolded = [ "Transform" ]

[node name="MeshInstance" type="MeshInstance" parent="front" index="0"]

layers = 1
material_override = null
cast_shadow = 1
extra_cull_margin = 0.0
use_in_baked_light = false
lod_min_distance = 0.0
lod_min_hysteresis = 0.0
lod_max_distance = 0.0
lod_max_hysteresis = 0.0
mesh = SubResource( 4 )
skeleton = NodePath("..")
material/0 = null
_sections_unfolded = [ "Transform", "material" ]

[node name="to" type="Position3D" parent="front" index="1"]

[node name="CollisionShape" type="CollisionShape" parent="." index="4"]

transform = Transform( 1, 0, 0, 0, 1, 0, 0, 0, 1, 0, 0.5, 0 )
shape = SubResource( 5 )
disabled = false
_sections_unfolded = [ "Transform" ]

[node name="Scene Root" parent="." index="5" instance=ExtResource( 2 )]

transform = Transform( 1, 0, 0, 0, 1, 0, 0, 0, 1, 0, 1.25367, 0 )

[node name="MeshInstance" type="MeshInstance" parent="Scene Root" index="8"]

transform = Transform( -1.09278e-07, 0, -1, 0, 5, 0, 2.5, 0, -4.37114e-08, -9.53674e-07, 2.98462, 1.03723 )
layers = 1
material_override = null
cast_shadow = 1
extra_cull_margin = 0.0
use_in_baked_light = false
lod_min_distance = 0.0
lod_min_hysteresis = 0.0
lod_max_distance = 0.0
lod_max_hysteresis = 0.0
mesh = SubResource( 6 )
skeleton = NodePath("..")
material/0 = ExtResource( 3 )
_sections_unfolded = [ "Transform", "material" ]

[node name="MeshInstance2" type="MeshInstance" parent="." index="6"]

transform = Transform( 1, 0, 0, 0, 1, 0, 0, 0, 1, 0, 0.5, 0 )
layers = 1
material_override = null
cast_shadow = 1
extra_cull_margin = 0.0
use_in_baked_light = false
lod_min_distance = 0.0
lod_min_hysteresis = 0.0
lod_max_distance = 0.0
lod_max_hysteresis = 0.0
mesh = SubResource( 7 )
skeleton = NodePath("..")
material/0 = null
_sections_unfolded = [ "Transform" ]

[node name="origin" type="MeshInstance" parent="." index="7"]

transform = Transform( 1, 0, 0, 0, 1, 0, 0, 0, 1, -1.04712, 0, 0 )
layers = 1
material_override = null
cast_shadow = 1
extra_cull_margin = 0.0
use_in_baked_light = false
lod_min_distance = 0.0
lod_min_hysteresis = 0.0
lod_max_distance = 0.0
lod_max_hysteresis = 0.0
mesh = SubResource( 9 )
skeleton = NodePath("..")
material/0 = null
_sections_unfolded = [ "Transform" ]

[node name="top" type="Position3D" parent="." index="8"]

transform = Transform( 1, 0, 0, 0, 1, 0, 0, 0, 1, 0, 5.52441, 0 )

[node name="fock" type="ImmediateGeometry" parent="." index="9"]

layers = 1
material_override = null
cast_shadow = 1
extra_cull_margin = 0.0
use_in_baked_light = false
lod_min_distance = 0.0
lod_min_hysteresis = 0.0
lod_max_distance = 0.0
lod_max_hysteresis = 0.0
script = ExtResource( 4 )

[node name="fock_o" type="Position3D" parent="fock" index="0"]

transform = Transform( 1, 0, 0, 0, 1, 0, 0, 0, 1, 0, 7.64011, -0.675019 )

[node name="fock_u" type="Position3D" parent="fock" index="1"]

transform = Transform( 1, 0, 0, 0, 1, 0, 0, 0, 1, 0, 1.10852, -3.39233 )

[node name="bb_schot" type="Position3D" parent="fock" index="2"]

editor/display_folded = true
transform = Transform( 1, 0, 0, 0, 1, 0, 0, 0, 1, 1.56367, 1.12778, -0.93316 )
visible = false

[node name="MeshInstance" type="MeshInstance" parent="fock/bb_schot" index="0"]

layers = 1
material_override = null
cast_shadow = 1
extra_cull_margin = 0.0
use_in_baked_light = false
lod_min_distance = 0.0
lod_min_hysteresis = 0.0
lod_max_distance = 0.0
lod_max_hysteresis = 0.0
mesh = SubResource( 11 )
skeleton = NodePath("..")
material/0 = null
_sections_unfolded = [ "Transform" ]


